<record><leader>00000cas a22000007a 4500</leader><controlfield tag="001">17063548</controlfield><controlfield tag="008">871125d18951906ohuwr ne      0    0eng d</controlfield><datafield ind1=" " ind2=" " tag="010"><subfield code="a">sn 87075215 </subfield></datafield><datafield ind1=" " ind2=" " tag="040"><subfield code="a">ONP</subfield><subfield code="b">eng</subfield><subfield code="c">ONP</subfield><subfield code="d">DLC</subfield><subfield code="d">OCLCQ</subfield></datafield><datafield ind1=" " ind2=" " tag="042"><subfield code="a">msc</subfield></datafield><datafield ind1="0" ind2=" " tag="130"><subfield code="a">Marietta weekly leader (Marietta, Ohio : 1895)</subfield></datafield><datafield ind1="1" ind2="4" tag="245"><subfield code="a">The Marietta weekly leader.</subfield></datafield><datafield ind1=" " ind2=" " tag="260"><subfield code="a">Marietta, Ohio :</subfield><subfield code="b">George M. Cooke</subfield></datafield><datafield ind1=" " ind2=" " tag="310"><subfield code="a">Weekly</subfield></datafield><datafield ind1="1" ind2=" " tag="362"><subfield code="a">Began in 1895? Ceased in Sept. 1906.</subfield></datafield><datafield ind1=" " ind2=" " tag="588"><subfield code="a">Description based on: Vol. 16, no. 43 (Oct. 31, 1896).</subfield></datafield><datafield ind1=" " ind2=" " tag="752"><subfield code="a">United States</subfield><subfield code="b">Ohio</subfield><subfield code="c">Washington</subfield><subfield code="d">Marietta.</subfield></datafield><datafield ind1="0" ind2=" " tag="775"><subfield code="t">Marietta daily leader</subfield><subfield code="x">2157-4790</subfield><subfield code="w">(DLC)sn 87075213</subfield><subfield code="w">(OCoLC)17063539</subfield></datafield><datafield ind1="0" ind2="0" tag="780"><subfield code="t">Marietta leader</subfield><subfield code="w">(DLC)sn 87075216</subfield></datafield><datafield ind1="0" ind2="7" tag="785"><subfield code="t">Marietta register (Marietta, Ohio : 1862)</subfield><subfield code="w">(DLC)sn 84028530</subfield></datafield><datafield ind1="0" ind2="7" tag="785"><subfield code="t">Weekly register-leader</subfield><subfield code="w">(DLC)sn 84028532</subfield></datafield></record>